@report{Paper,
	author = {Wallace Ugulino, Débora Cardador, Katia Vega, Eduardo Velloso, Ruy Milidiú, and Hugo Fuks},
	title = {Wearable Computing: Accelerometers’ Data Classification of Body Postures and Movements},
	institution = {Pontifical Catholic University of Rio de Janeiro, Informatics Department; School of Computing and Communications, Lancaster University, UK},
	year = {2012}}

@online{site:HAR,
	title = {Groupware project's Human Activity Recognition},
	url = {http://groupware.les.inf.puc-rio.br/har}
}